<record xmlns="http://www.loc.gov/MARC21/slim">
   <leader>03159nam a2200457 a 4500</leader>
   <controlfield tag="001">6808729</controlfield>
   <controlfield tag="003">UtOrBLW</controlfield>
   <controlfield tag="005">20150213154312.0</controlfield>
   <controlfield tag="006">m     o  d        </controlfield>
   <controlfield tag="007">cr un|||||||||</controlfield>
   <controlfield tag="008">150213s2015    enka    ob    000 0 eng d</controlfield>
   <datafield ind1=" " ind2=" " tag="020">
      <subfield code="a">9781783508976 (electronic bk.)</subfield>
   </datafield>
   <datafield ind1=" " ind2=" " tag="035">
      <subfield code="a">ocn900606361</subfield>
   </datafield>
   <datafield ind1=" " ind2=" " tag="039">
      <subfield code="a">exclude</subfield>
   </datafield>
   <datafield ind1=" " ind2=" " tag="040">
      <subfield code="a">UtOrBLW</subfield>
      <subfield code="d">AEU</subfield>
   </datafield>
   <datafield ind1=" " ind2=" " tag="043">
      <subfield code="a">a-cc---</subfield>
   </datafield>
   <datafield ind1=" " ind2="4" tag="050">
      <subfield code="a">HF5616.C6</subfield>
      <subfield code="b">A36 2015</subfield>
   </datafield>
   <datafield ind1=" " ind2="7" tag="072">
      <subfield code="a">KFC</subfield>
      <subfield code="2">bicssc</subfield>
   </datafield>
   <datafield ind1=" " ind2="7" tag="072">
      <subfield code="a">KFCF</subfield>
      <subfield code="2">bicssc</subfield>
   </datafield>
   <datafield ind1=" " ind2="7" tag="072">
      <subfield code="a">BUS001010</subfield>
      <subfield code="2">bisacsh</subfield>
   </datafield>
   <datafield ind1=" " ind2=" " tag="080">
      <subfield code="a">657</subfield>
   </datafield>
   <datafield ind1="0" ind2="4" tag="082">
      <subfield code="a">657.0951</subfield>
      <subfield code="2">23</subfield>
   </datafield>
   <datafield ind1=" " ind2=" " tag="090">
      <subfield code="a">Internet Access</subfield>
      <subfield code="b">AEU</subfield>
   </datafield>
   <datafield ind1="0" ind2="0" tag="245">
      <subfield code="a">Adoption of Anglo-American models of corporate governance and financial Reporting in China</subfield>
      <subfield code="h">[electronic resource] /</subfield>
      <subfield code="c">edited by Huiying Wu, Chris Patel.</subfield>
   </datafield>
   <datafield ind1=" " ind2=" " tag="260">
      <subfield code="a">Bingley, U.K. :</subfield>
      <subfield code="b">Emerald,</subfield>
      <subfield code="c">2015.</subfield>
   </datafield>
   <datafield ind1=" " ind2=" " tag="300">
      <subfield code="a">1 online resource (xiv, 255 p.) :</subfield>
      <subfield code="b">ill.</subfield>
   </datafield>
   <datafield ind1="1" ind2=" " tag="490">
      <subfield code="a">Studies in managerial and financial accounting,</subfield>
      <subfield code="x">1479-3512 ;</subfield>
      <subfield code="v">v. 29</subfield>
   </datafield>
   <datafield ind1=" " ind2=" " tag="504">
      <subfield code="a">Includes bibliographical references.</subfield>
   </datafield>
   <datafield ind1="0" ind2=" " tag="505">
      <subfield code="a">Global convergence and corporate governance-related financial reporting issues -- The development of accounting thought and practices in China -- An integrated institutional perspective -- Research design -- The corporate governance and accounting environment in China -- Corporate governance-related financial reporting issues in China : empirical evidence -- Summary and conclusion.</subfield>
   </datafield>
   <datafield ind1=" " ind2=" " tag="506">
      <subfield code="a">Access restricted to authorized users and institutions.</subfield>
   </datafield>
   <datafield ind1=" " ind2=" " tag="520">
      <subfield code="a">This monograph critically examines the adoption of Anglo-American models of corporate governance and financial reporting in China. More specifically, it examines whether measures taken by the Chinese government, including the adoption of the International Financial Reporting Standards, the introduction of independent directors and audit committees, and the strengthening of auditor independence, are likely to improve the quality of financial reporting. A comprehensive theoretical framework based on institutional theory, which incorporates international influences, domestic influences, and intraorganizational dynamics, was developed. The findings suggest that the current institutional environment in China does not yet fully support Anglo-American practices. The implementation of internationally acceptable principles and standards is largely symbolic rather than instrumental. This monograph shows how contradictory institutional pressures shape the process and outcome of loose coupling between regulations and actual operations, which are intertwined with organizations conflicts of interest and power dependence within Chinas institutional setting.</subfield>
   </datafield>
   <datafield ind1=" " ind2=" " tag="596">
      <subfield code="a">44</subfield>
   </datafield>
   <datafield ind1=" " ind2="0" tag="650">
      <subfield code="a">Accounting</subfield>
      <subfield code="z">China.</subfield>
   </datafield>
   <datafield ind1=" " ind2="0" tag="650">
      <subfield code="a">Financial statements</subfield>
      <subfield code="z">China.</subfield>
   </datafield>
   <datafield ind1=" " ind2="0" tag="650">
      <subfield code="a">Auditing</subfield>
      <subfield code="z">China.</subfield>
   </datafield>
   <datafield ind1="1" ind2=" " tag="700">
      <subfield code="a">Wu, Huiying.</subfield>
   </datafield>
   <datafield ind1="1" ind2=" " tag="700">
      <subfield code="a">Patel, Chris.</subfield>
   </datafield>
   <datafield ind1=" " ind2="0" tag="830">
      <subfield code="a">Studies in managerial and financial accounting ;</subfield>
      <subfield code="v">v. 29.</subfield>
   </datafield>
   <datafield ind1="4" ind2="0" tag="856">
      <subfield code="3">University of Alberta Access</subfield>
      <subfield code="u">http://www.emeraldinsight.com/1479-3512/29</subfield>
      <subfield code="z">(Unlimited Concurrent Users)</subfield>
   </datafield>
   <datafield ind1=" " ind2=" " tag="949">
      <subfield code="h">UAIN</subfield>
      <subfield code="z">EBS</subfield>
   </datafield>
   <datafield ind1=" " ind2=" " tag="926">
      <subfield code="a">Internet Access</subfield>
      <subfield code="w">LC</subfield>
      <subfield code="c">1</subfield>
      <subfield code="i">6808729-1001</subfield>
      <subfield code="l">INTERNET</subfield>
      <subfield code="m">UAINTERNET</subfield>
      <subfield code="r">Y</subfield>
      <subfield code="s">Y</subfield>
      <subfield code="t">E-RESOURCE</subfield>
      <subfield code="u">2/23/2015</subfield>
      <subfield code="x">E-BOOK</subfield>
      <subfield code="z">EBS</subfield>
   </datafield>
</record>
